@Article{Shannon,
	author = {C. E. Shannon},
	title = {A Mathematical Theory of Communication},
	journal = {Bell System Technical Journal},
	year = {1948},
	volume = {27},
	number = {3},
	pages = {379--423},
	month = jul,
}

@Book{Newton,
	author = {I. Newton},
	title = {Philosophi{\ae} Naturalis Principia Ma\-thematica},
	publisher = {Royal Society},
	year = {1687},
}
